<?xml version="1.0" encoding="UTF-8"?><collection xmlns="http://www.loc.gov/MARC21/slim"><record><leader>00409nam--2200157-i-4500</leader><controlfield tag="001">000026452</controlfield><controlfield tag="002">20161230</controlfield><controlfield tag="005">20170124002333</controlfield><controlfield tag="008">060222s1000------------r-----000-0-eng-d</controlfield><datafield ind1=" " ind2=" " tag="080"><subfield code="a">519.1</subfield></datafield><datafield ind1="1" ind2=" " tag="100"><subfield code="a">Kaufmann, A</subfield></datafield><datafield ind1="1" ind2="0" tag="245"><subfield code="a">Introduction a la combinatorique en vue des applications</subfield><subfield code="c">A. Kaufmann</subfield></datafield><datafield ind1=" " ind2=" " tag="260"><subfield code="a">Paris</subfield><subfield code="b">Dunod</subfield><subfield code="c">1968</subfield></datafield><datafield ind1=" " ind2=" " tag="300"><subfield code="a">608 p</subfield></datafield><datafield ind1=" " ind2=" " tag="852"><subfield code="a">37705</subfield><subfield code="c">519.2</subfield></datafield><datafield ind1=" " ind2=" " tag="CAT"><subfield code="a">SYS</subfield><subfield code="c">20170124</subfield><subfield code="h">002333</subfield></datafield></record></collection>